% Encoding: UTF-8


@inproceedings{zeineddini_secure_2005,
	author = {Zeineddini, A. S. and Gaj, K.},
	title = {Secure partial reconfiguration of {FPGAs}},
	booktitle = {Proc. {IEEE} Intl. Conf. on Field-Programmable Technology},
	year = {2005},
	month = {December},
	pages = {155-162},
}

@inproceedings{elnaggar_multi-tenant_2019,
	author = {Elnaggar, R. and Karri, R. and Chakrabarty, K.},
	title = {Multi-Tenant {FPGA}-based Reconfigurable Systems: Attacks and Defenses},
	booktitle = {Design, Automation Test in Europe Conf. Exhibition ({DATE})},
	year = {2019},
	month = {March},
	pages = {7-12},
}

@article{kashyap_compact_2016,
	author = {Kashyap, Hirak and Chaves, Ricardo},
	title = {Compact and On-the-Fly Secure Dynamic Reconfiguration for Volatile {FPGAs}},
	journal = {{ACM} Transactions on Reconfigurable Technology and Systems},
	volume = {9},
	number = {2},
	year = {2016},
	month = {January},
	pages = {11:1--11:22},
}

@online{vliegen_partial_2014,
	author = {Vliegen, Jo},
	title = {Partial and dynamic {FPGA} reconfiguration for security applications},
	year = {2014},
	month = {June}
}

@article{johnson_remote_2017,
	author = {Johnson, Anju P. and Patranabis, Sikhar and Chakraborty, Rajat Subhra and Mukhopadhyay, Debdeep},
	journal = {Microprocessors and Microsystems},
	title = {Remote dynamic partial reconfiguration: A threat to Internet-of-Things and embedded security applications},
	year = {2017},
	month = {July},
	volume = {52},
	pages = {131--144},
}

@article{hori_bitstream_2013,
	author = {Hori, Yohei and Katashita, Toshihiro and Sakane, Hirofumi and Toda, Kenji and Satoh, Akashi},
	journal = {{IEICE} Transactions on Information and Systems},
	title = {Bitstream Protection in Dynamic Partial Reconfiguration Systems Using Authenticated Encryption},
	year = {2013},
	month = {November},
	volume = {E96.D},
	number = {11},
	pages = {2333--2343},
}

@article{kepa_serecon_2010,
	author = {Kepa, Krzysztof and Morgan, Fearghal and Kosciuszkiewicz, Krzysztof and Surmacz, Tomasz},
	journal = {Intl. Journal of Critical Computer-Based Systems},
	title = {{SeReCon}: a secure reconfiguration controller for self-reconfigurable systems},
	year = {2010},
	month = {February},
	volume = {1},
	number = {1},
	pages = {86--103},
}

@article{guha_criticality_2019,
	author = {Guha, K. and Majumder, A. and Saha, D. and Chakrabarti, A.},
	journal = {Microprocessors and Microsystems},
	title = {Criticality based reliability against hardware Trojan attacks for processing of tasks on reconfigurable hardware},
	year = {2019},
	month = {November},
	volume = {71},
}

@inproceedings{johnson_fault_2014,
	author = {Johnson, Anju P. and Saha, Sayandeep and Chakraborty, Rajat Subhra and Mukhopadhyay, Debdeep and Gören, Sezer},
	title = {Fault attack on {AES} via hardware Trojan insertion by dynamic partial reconfiguration of {FPGA} over ethernet},
	booktitle = {Proc. of the 9th Workshop on Embedded Systems Security},
	Year = {2014},
	Month = {October},
	pages = {1-8},
}

@article{goren_partial_2013,
	author = {Gören, Sezer and Ozkurt, Ozgur and Yildiz, Abdullah and Ugurdag, H. Fatih and Chakraborty, Rajat S. and Mukhopadhyay, Debdeep},
	journal = {Computers & Electrical Engineering},
	title = {Partial bitstream protection for low-cost {FPGAs} with physical unclonable function, obfuscation, and dynamic partial self reconfiguration},
	year = {2013},
	month = {February},
	volume = {39},
	number = {2},
	pages = {386--397},
}

@inproceedings{parrinha_flexible_2017,
	author = {Parrinha, D. and Chaves, R.},
	title = {Flexible and low-cost {HSM} based on non-volatile {FPGAs}},
	booktitle = {2017 International Conference on {ReConFigurable} Computing and {FPGAs} ({ReConFig})},
	year = {2017},
	month = {December},
	pages = {1-8},
}

@inproceedings{vliegen_single-chip_2013,
	author = {Vliegen, J. and Mentcns, N. and Verbauwhede, I.},
	title = {A single-chip solution for the secure remote configuration of {FPGAs} using bitstream compression},
	booktitle = {2013 International Conference on Reconfigurable Computing and {FPGAs} ({ReConFig})},
	year = {2013},
	month = {December},
	pages = {1--6},
}

@article{ustaoglu_recofused_2020,
	author = {Ustaoğlu, Buse and Schmitz, Kenneth and Große, Daniel and Drechsler, Rolf},
	journal = {{SN} Applied Sciences},
	title = {{ReCoFused} partial reconfiguration for secure moving-target countermeasures on {FPGAs}},
	year = {2020},
	month = {July},
	volume = {2},
	number = {8},
}

@article{vliegen_secure_2014,
	author = {Vliegen, Jo and Mentens, Nele and Verbauwhede, Ingrid},
	journal = {{ACM} Trans. Reconfigurable Technol. Syst.},
	title = {Secure, Remote, Dynamic Reconfiguration of {FPGAs}},
	year = {2014},
	month = {December},
	volume = {7},
	number = {4},
	pages = {35:1--35:19},
}

@inproceedings{vliegen_sacha_2019,
	author = {Vliegen, J. and Rabbani, M. M. and Conti, M. and Mentens, N.},
	title = {{SACHa}: Self-Attestation of Configurable Hardware},
	booktitle = {2019 Design, Automation Test in Europe Conference Exhibition ({DATE})},
	year = {2019},
	month = {March},
	pages = {746--751},	
}

@article{zhang_recent_2019,
	author = {Zhang, Jiliang and Qu, Gang},
	journal = {{ACM} Trans. Reconfigurable Technol. Syst.},
	title = {Recent Attacks and Defenses on {FPGA}-based Systems},
	year = {2019},
	month = {August},
	volume = {12},
	number = {3},
	pages = {14:1--14:24},
}

@article{swierczynski_physical_2014,
	author = {Swierczynski, Pawel and Moradi, Amir and Oswald, David and Paar, Christof},
	journal = {{ACM} Trans. Reconfigurable Technol. Syst.},
	title = {Physical Security Evaluation of the Bitstream Encryption Mechanism of Altera Stratix {II} and Stratix {III} {FPGAs}},
	year = {2014},
	month = {December},
	volume = {7},
	number = {4},
	pages = {34:1--34:23},
}


@article{fyrbiak_halmissing_2019,
	author = {Fyrbiak, M. and Wallat, S. and Swierczynski, P. and Hoffmann, M. and Hoppach, S. and Wilhelm, M. and Weidlich, T. and Tessier, R. and Paar, C.},
	journal = {{IEEE} Trans. on Dependable and Secure Computing},
	title = {{HAL}—The Missing Piece of the Puzzle for Hardware Reverse Engineering, Trojan Detection and Insertion},
	year = {2019},
	month = {May},
	volume = {16},
	number = {3},
	pages = {498--510},
}

@inproceedings{ender_insights_2019,
	author = {Ender, Maik and Swierczynski, Pawel and Wallat, Sebastian and Wilhelm, Matthias and Knopp, Paul Martin and Paar, Christof},
	title = {Insights into the mind of a trojan designer: the challenge to integrate a trojan into the bitstream},
	booktitle = {Proceedings of the 24th Asia and South Pacific Design Automation Conference},
	year = {2019},
	month = {January},
	pages = {112--119},
}

@inproceedings{jacob_securing_2017,
	author = {Jacob, N. and Wittmann, J. and Heyszl, J. and Hesselbarth, R. and Wilde, F. and Pehl, M. and Sigl, G. and Fischer, K.},
	title = {Securing {FPGA} {SoC} configurations independent of their manufacturers},
	booktitle = {2017 30th {IEEE} International System-on-Chip Conference ({SOCC})},
	year = {2017},
	month = {Septemnber},
	pages = {114--119},
}

@inproceedings{ender_unpatchable_2020,
	title = {The Unpatchable Silicon: A Full Break of the Bitstream Encryption of Xilinx 7-Series {FPGAs}},
	pages = {1803--1819},
	author = {Ender, Maik and Moradi, Amir and Paar, Christof},
	year = {2020},
	pages = {1803--1819},
}

@inproceedings{khan_secure_2020,
	author = {Nadir Khan. and Sven Nitzsche. and Jürgen Becker.},
	title = {A Secure Framework with Remote Configuration of Intellectual Property},
	booktitle = {Proceedings of the 5th International Conference on Information Systems Security and Privacy - Volume 1: ICISSP,},
	year = {2019},
	pages = {564-571},
}

@inproceedings{duncan_fpga_2019,
	author = {Duncan, A. and Rahman, F. and Lukefahr, A. and Farahmandi, F. and Tehranipoor, M.},
	title = {{FPGA} Bitstream Security: A Day in the Life},
	booktitle = {2019 {IEEE} International Test Conference ({ITC})},
	year = {2019},
	month = {November},
	pages = {1--10},
}

@inproceedings{tian_fingerprinting_2020,
	author = {Tian, Shanquan and Xiong, Wenjie and Giechaskiel, Ilias and Rasmussen, Kasper and Szefer, Jakub},
	title = {Fingerprinting Cloud {FPGA} Infrastructures},
	booktitle = {Proceedings of the 2020 {ACM}/{SIGDA} International Symposium on Field-Programmable Gate Arrays},
	year = {2020},
	month = {May},
	pages = {58--64},
}

@article{jin_security_2020,
	author = {Jin, Chenglu and Gohil, Vasudev and Karri, Ramesh and Rajendran, Jeyavijayan},
	title = {Security of Cloud {FPGAs}: A Survey},
	journal = {{arXiv}:2005.04867 [cs]},	
	year = {2020},
}

@article{turan_trust_nodate,
	author = {Turan, Furkan and Verbauwhede, Ingrid},
	title = {Trust in {FPGA} Accelerated Cloud Computing},
	journal = {{ACM} Comput. Surv.},
	year = {2020},
	month = {March},
	volume = {1},
	number = {1},	
}

@inproceedings{peeters_soc_2015,
	author = {Peeters, Eric},
	title = {{SoC} security architecture: Current practices and emerging needs},
	booktitle = {2015 52nd {ACM}/{EDAC}/{IEEE} Design Automation Conference ({DAC})},
	year = {2015},
	month = {June},
	pages = {1--6},
}

@online{tsang_aes_2018,
	author = {Tsang, Jason and Dixon, Daniel},
	title = {AES File Encryption and Decryption},
	year = {2018},
	month = {April}
}

@online{pict_AES,
 author  = "Wikimedia Commons",
 title   = "AES (Rijndael) Round Function",
 year    = "1999",
}

@online{pict_ECB,
 author  = "Wikimedia Commons",
 title   = "ECB Encryption",
 year    = "2013",
}

@online{pict_CBC,
 author  = "Wikimedia Commons",
 title   = "CBC Encryption",
 year    = "2013",
}

@manual{xapp1292,
 author = "David Robinson",
 title = "Loading Partial Bitstreams using TFTP",
 year = "2016",
 version = "v1.0",
 organization = "Xilinx, Inc."
}